@inproceedings{Dischinger2007CRB,
 author = {Dischinger, Marcel and Haeberlen, Andreas and Gummadi, Krishna P. and Saroiu, Stefan},
 title = {Characterizing residential broadband networks},
 booktitle = {Proceedings of the 7th ACM SIGCOMM conference on Internet measurement},
 series = {IMC '07},
 year = {2007},
 isbn = {978-1-59593-908-1},
 location = {San Diego, California, USA},
 pages = {43--56},
 numpages = {14},
 url = {http://doi.acm.org/10.1145/1298306.1298313},
 doi = {10.1145/1298306.1298313},
 acmid = {1298313},
 publisher = {ACM},
 address = {New York, NY, USA},
 keywords = {broadband access networks, cable, dsl, network measurement},
}

@misc{bufferarms,
 author="Iljitsch van Beijnum",
 title="Understanding bufferbloat and the network buffer arms race",
 howpublished="\url{http://arstechnica.com/tech-policy/news/2011/01/understanding-bufferbloat-and-the-network-buffer-arms-race.ars}",
 year={2011},
 month={jan},
 url="http://arstechnica.com/tech-policy/news/2011/01/understanding-bufferbloat-and-the-network-buffer-arms-race.ars",
 note = "[Online, accessed 15-Dic-2011]"
}

@misc{main:ref:3,
 author="Cheshire, Stuart",
 title="It's the Latency, Stupid",
 howpublished="\url{http://rescomp.stanford.edu/~cheshire/rants/Latency.html}",
 year={1996},
 month={may},
 url="http://rescomp.stanford.edu/~cheshire/rants/Latency.html",
 note = "[Online, accessed 20-Dic-2011]"
}

@article{main:ref:1,
 author = {Appenzeller, Guido and Keslassy, Isaac and McKeown, Nick},
 title = {Sizing router buffers},
 journal = {SIGCOMM Comput. Commun. Rev.},
 issue_date = {October 2004},
 volume = {34},
 number = {4},
 month = aug,
 year = {2004},
 issn = {0146-4833},
 pages = {281--292},
 numpages = {12},
 url = {http://doi.acm.org/10.1145/1030194.1015499},
 doi = {10.1145/1030194.1015499},
 acmid = {1015499},
 publisher = {ACM},
 address = {New York, NY, USA},
 keywords = {TCP, bandwidth delay product, buffer size, internet router},
}
##############################################################
#
@article{Jacobson:1988:CAC:52325.52356,
 author = {Jacobson, V.},
 title = {Congestion avoidance and control},
 journal = {SIGCOMM Comput. Commun. Rev.},
 issue_date = {August 1988},
 volume = {18},
 number = {4},
 month = aug,
 year = {1988},
 issn = {0146-4833},
 pages = {314--329},
 numpages = {16},
 url = {http://doi.acm.org/10.1145/52325.52356},
 doi = {10.1145/52325.52356},
 acmid = {52356},
 publisher = {ACM},
 address = {New York, NY, USA},
} 
#
@inproceedings{Jacobson:1988:CAC:52324.52356,
 author = {Jacobson, V.},
 title = {Congestion avoidance and control},
 booktitle = {Symposium proceedings on Communications architectures and protocols},
 series = {SIGCOMM '88},
 year = {1988},
 isbn = {0-89791-279-9},
 location = {Stanford, California, United States},
 pages = {314--329},
 numpages = {16},
 url = {http://doi.acm.org/10.1145/52324.52356},
 doi = {10.1145/52324.52356},
 acmid = {52356},
 publisher = {ACM},
 address = {New York, NY, USA},
}

#######################################################

@article{CACMStaff,
 author = {CACM Staff},
 title = {BufferBloat: what's wrong with the internet?},
 journal = {Commun. ACM},
 issue_date = {February 2012},
 volume = {55},
 number = {2},
 month = feb,
 year = {2012},
 issn = {0001-0782},
 pages = {40--47},
 numpages = {8},
 url = {http://doi.acm.org/10.1145/2076450.2076464},
 doi = {10.1145/2076450.2076464},
 acmid = {2076464},
 publisher = {ACM},
 address = {New York, NY, USA},
}

###########################################################

@article{GettysNichols,
 author = {Gettys, Jim and Nichols, Kathleen},
 title = {Bufferbloat: dark buffers in the internet},
 journal = {Commun. ACM},
 issue_date = {January 2012},
 volume = {55},
 number = {1},
 month = jan,
 year = {2012},
 issn = {0001-0782},
 pages = {57--65},
 numpages = {9},
 url = {http://doi.acm.org/10.1145/2063176.2063196},
 doi = {10.1145/2063176.2063196},
 acmid = {2063196},
 publisher = {ACM},
 address = {New York, NY, USA},
}

###########################################################

@inproceedings{netalyzr,
  author = {Kreibich, Christian and Weaver, Nicholas and Nechaev, Boris and Paxson, Vern},
  title = {Netalyzr: Illuminating the Edge Network},
  booktitle = {Proceedings of the 10th ACM SIGCOMM Conference on Internet Measurement},
  series = {IMC '10},
  year = {2010},
  isbn = {978-1-4503-0483-2},
  location = {Melbourne, Australia},
  pages = {246--259},
  numpages = {14},
  url = {http://doi.acm.org/10.1145/1879141.1879173},
  doi = {10.1145/1879141.1879173},
  acmid = {1879173},
  publisher = {ACM},
  address = {New York, NY, USA},
  keywords = {network measurement, network neutrality, network performance, network troubleshooting},
}

###########################################################

@misc{iperfmaillist,
    author = "Kozelj, Metod",
    title = "Re: [Iperf-users] How iperf works?",
    howpublished="\url{https://www.mail-archive.com/iperf-users\@lists.sourceforge.net/msg00147.html}",
    year={2009},
    month={nov},
    url= "https://www.mail-archive.com/iperf-users\@lists.sourceforge.net/msg00147.html",
}

###########################################################

@misc{tg12,
	author = "Taht, Dave and Gettys, Jim",
	title = "Best practices for benchmarking Codel and FQ Codel",
	howpublished="\url{https://www.bufferbloat.net/projects/codel/wiki/Best_practices_for_benchmarking_Codel_and_FQ_Codel}",
	year = {2013},
	month = {March},
	url = "https://www.bufferbloat.net/projects/codel/wiki/Best_practices_for_benchmarking_Codel_and_FQ_Codel",
	note = "Wiki page on bufferbloat.net web site",
}

@misc{subtel,
	author = "SUBTEL",
	title = "REF. FIJA INDICADORES DE CALIDAD DE LOS ENLACES DE CONEXI\'ON PARA CURSAR EL TR\'AFICO NACIONAL DE
        INTERNET Y SISTEMA DE PUBLICIDAD DE LOS MISMOS.",
	howpublished="\url{http://www.subtel.gob.cl/images/stories/articles/subtel/asocfile/res_698_trafico_internet.PDF}",
	year = {2000},
	month = {June},
	url = "http://www.subtel.gob.cl/images/stories/articles/subtel/asocfile/res_698_trafico_internet.PDF",
}
