@misc{rfc2309,
  author="B. Braden and D. Clark and J. Crowcroft and B. Davie and S. Deering and D. Estrin and S. Floyd and V. Jacobson and G. Minshall and C. Partridge and L. Peterson and K. Ramakrishnan and S. Shenker and J. Wroclawski and L. Zhang",
  title="{Recommendations on Queue Management and Congestion Avoidance in the Internet}",
  series="Request for Comments",
  number="2309",
  howpublished="RFC 2309 (Informational)",
  publisher="IETF",
  organization="Internet Engineering Task Force",
  year=1998,
  month=apr,
  url="http://www.ietf.org/rfc/rfc2309.txt",
}

@misc{rfc970,
  author="J. Nagle",
  title="{On Packet Switches With Infinite Storage}",
  series="Request for Comments",
  number="970",
  howpublished="RFC 970",
  publisher="IETF",
  organization="Internet Engineering Task Force",
  year=1985,
  month=dec,
    url="http://www.ietf.org/rfc/rfc970.txt",
}

@misc{rfc2001,
  author="W. Stevens",
  title="{TCP Slow Start, Congestion Avoidance, Fast Retransmit, and Fast Recovery Algorithms}",
  series="Request for Comments",
  number="2001",
  howpublished="RFC 2001 (Proposed Standard)",
  publisher="IETF",
  organization="Internet Engineering Task Force",
  year=1997,
  month=jan,
  note="Obsoleted by RFC 2581",
  url="http://www.ietf.org/rfc/rfc2001.txt",
}

@misc{rfc2581,
  author="M. Allman and V. Paxson and W. Stevens",
  title="{TCP Congestion Control}",
  series="Request for Comments",
  number="2581",
  howpublished="RFC 2581 (Proposed Standard)",
  publisher="IETF",
  organization="Internet Engineering Task Force",
  year=1999,
  month=apr,
    note="Obsoleted by RFC 5681, updated by RFC 3390",
  url="http://www.ietf.org/rfc/rfc2581.txt",
}

@misc{rfc793,
  author="J. Postel",
  title="{Transmission Control Protocol}",
  series="Request for Comments",
  number="793",
  howpublished="RFC 793 (Standard)",
  publisher="IETF",
  organization="Internet Engineering Task Force",
  year=1981,
  month=sep,
    note="Updated by RFCs 1122, 3168, 6093, 6528",
  url="http://www.ietf.org/rfc/rfc793.txt",
}

####################################################
#used @slowstart.txt

@misc{rfc879,
  author="J. Postel",
  title="{TCP maximum segment size and related topics}",
  series="Request for Comments",
  number="879",
  howpublished="RFC 879",
  publisher="IETF",
  organization="Internet Engineering Task Force",
  year=1983,
  month=nov,
    url="http://www.ietf.org/rfc/rfc879.txt",
}

@misc{rfc2460,
  author="S. Deering and R. Hinden",
  title="{Internet Protocol, Version 6 (IPv6) Specification}",
  series="Request for Comments",
  number="2460",
  howpublished="RFC 2460 (Draft Standard)",
  publisher="IETF",
  organization="Internet Engineering Task Force",
  year=1998,
  month=dec,
    note="Updated by RFCs 5095, 5722, 5871, 6437",
  url="http://www.ietf.org/rfc/rfc2460.txt",
}


@misc{rfc896,
  author="J. Nagle",
  title="{Congestion Control in IP/TCP Internetworks}",
  series="Request for Comments",
  number="896",
  howpublished="RFC 896",
  publisher="IETF",
  organization="Internet Engineering Task Force",
  year=1984,
  month=jan,
    url="http://www.ietf.org/rfc/rfc896.txt",
}

@misc{rfc2018,
  author="M. Mathis and J. Mahdavi and S. Floyd and A. Romanow",
  title="{TCP Selective Acknowledgment Options}",
  series="Request for Comments",
  number="2018",
  howpublished="RFC 2018 (Proposed Standard)",
  publisher="IETF",
  organization="Internet Engineering Task Force",
  year=1996,
  month=oct,
    url="http://www.ietf.org/rfc/rfc2018.txt",
}


@misc{rfc1122,
  author="R. Braden",
  title="{Requirements for Internet Hosts - Communication Layers}",
  series="Request for Comments",
  number="1122",
  howpublished="RFC 1122 (INTERNET STANDARD)",
  publisher="IETF",
  organization="Internet Engineering Task Force",
  year=1989,
  month=oct,
    note="Updated by RFCs 1349, 4379, 5884, 6093, 6298, 6633, 6864",
  url="http://www.ietf.org/rfc/rfc1122.txt",
}


@misc{rfc3168,
  author="K. Ramakrishnan and S. Floyd and D. Black",
  title="{The Addition of Explicit Congestion Notification (ECN) to IP}",
  series="Request for Comments",
  number="3168",
  howpublished="RFC 3168 (Proposed Standard)",
  publisher="IETF",
  organization="Internet Engineering Task Force",
  year=2001,
  month=sep,
    note="Updated by RFCs 4301, 6040",
  url="http://www.ietf.org/rfc/rfc3168.txt",
}


@misc{rfc3390,
  author="M. Allman and S. Floyd and C. Partridge",
  title="{Increasing TCP's Initial Window}",
  series="Request for Comments",
  number="3390",
  howpublished="RFC 3390 (Proposed Standard)",
  publisher="IETF",
  organization="Internet Engineering Task Force",
  year=2002,
  month=oct,
    url="http://www.ietf.org/rfc/rfc3390.txt",
}

